<?xml version="1.0" encoding="UTF-8"?><collection xmlns="http://www.loc.gov/MARC21/slim"><record><leader>00342nam--2200133-i-4500</leader><controlfield tag="001">000032152</controlfield><controlfield tag="002">20161230</controlfield><controlfield tag="005">20161230201039</controlfield><controlfield tag="008">060222s1000------------r-----000-0-eng-d</controlfield><datafield ind1=" " ind2=" " tag="245"><subfield code="a">The metal thorium.proceedings</subfield></datafield><datafield ind1=" " ind2=" " tag="260"><subfield code="a">Cleveland, American Soc.For Metals, 1958. Vi + 397p</subfield></datafield><datafield ind1=" " ind2=" " tag="490"><subfield code="a">Proceedings</subfield></datafield><datafield ind1=" " ind2=" " tag="700"><subfield code="a">Wilhelm. H.A</subfield></datafield><datafield ind1=" " ind2=" " tag="852"><subfield code="a">16541</subfield></datafield></record></collection>